@misc{AhoUllman,
  title = {{{Foundations of Computer Science, Chapter 10}}},
  author = {Al Aho, Jeff Ullman},
  year = {1992},
  howpublished = {\url{http://infolab.stanford.edu/~ullman/focs/ch10.pdf}}
}

@misc{Guttemberg,
  title = {{{Project Gutenberg}}},
  howpublished = {\url{https://www.gutenberg.org/}}
}
